Nationalencyklopedin, vattenkraftverk. http://www.ne.se/uppslagsverk/encyklopedi/lång/vattenkraftverk (hämtad 2023-03-17)

@online{NE,
    author = {author},
    title = {vattenkraftverk},
    date = {2023-03-07},
    url = {http://www.ne.se/uppslagsverk/encyklopedi/lång/vattenkraftverk},
}